
@article{leutnant_stormwater_2016,
	title = {Stormwater {Pollutant} {Process} {Analysis} with {Long}-{Term} {Online} {Monitoring} {Data} at {Micro}-{Scale} {Sites}},
	volume = {8},
	issn = {2073-4441},
	url = {http://www.mdpi.com/2073-4441/8/7/299},
	doi = {10.3390/w8070299},
	language = {en},
	number = {7},
	urldate = {2016-07-21},
	journal = {Water},
	author = {Leutnant, Dominik and Muschalla, Dirk and Uhl, Mathias},
	month = jul,
	year = {2016},
	note = {00000},
	pages = {299}
}

@book{gujer_systems_2008,
	address = {Berlin, Heidelberg, Germany},
	title = {Systems {Analysis} for {Water} {Technology}},
	isbn = {978-3-540-77277-4},
	shorttitle = {Systems {Analysis} for {Water} {Technology}},
	publisher = {Springer-Verlag},
	author = {Gujer, W.},
	year = {2008}
}

@article{bertrand-krajewski_distribution_1998,
	title = {Distribution of pollutant mass vs volume in stormwater discharges and the first flush phenomenon},
	volume = {32},
	shorttitle = {Distribution of pollutant mass vs volume in stormwater discharges and the first flush phenomenon},
	url = {http://www.scopus.com/inward/record.url?eid=2-s2.0-0032146023&partnerID=40&md5=d6517b6efa014bc12f3ae70abe71977d},
	number = {8},
	journal = {Water Research},
	author = {Bertrand-Krajewski, J. L. and Chebbo, G. and Saget, A.},
	year = {1998},
	keywords = {Combined sewer system, First flush, Pollutant load distribution, Separate sewer system, Storage and treatment tanks, Stormwater discharges, Suspended Solids},
	pages = {2341--2356}
}

@article{dujon2021,
	title = {Identifying key questions in the ecology and evolution of cancer},
	author = {Dujon, Antoine M. and Aktipis, Athena and {Alix-Panabières}, Catherine and Amend, Sarah R. and Boddy, Amy M. and Brown, Joel S. and Capp, Jean-Pascal and DeGregori, James and Ewald, Paul and Gatenby, Robert and Gerlinger, Marco and Giraudeau, Mathieu and Hamede, Rodrigo K. and Hansen, Elsa and Kareva, Irina and Maley, Carlo C. and Marusyk, Andriy and McGranahan, Nicholas and Metzger, Michael J. and Nedelcu, Aurora M. and Noble, Robert and Nunney, Leonard and Pienta, Kenneth J. and Polyak, Kornelia and Pujol, Pascal and Read, Andrew F. and Roche, Benjamin and Sebens, Susanne and Solary, Eric and {Sta{\v{n}}ková}, {Kate{\v{r}}ina} and Swain Ewald, Holly and Thomas, {Frédéric} and Ujvari, Beata},
	year = {2021},
	date = {2021},
	journal = {Evolutionary Applications},
	pages = {877--892},
	volume = {14},
	number = {4},
	doi = {10.1111/eva.13190},
	url = {https://onlinelibrary.wiley.com/doi/abs/10.1111/eva.13190},
	note = {{\_}eprint: https://onlinelibrary.wiley.com/doi/pdf/10.1111/eva.13190},
	langid = {en}
}

@article{west2023,
	title = {A survey of open questions in adaptive therapy: Bridging mathematics and clinical translation},
	author = {West, Jeffrey and Adler, Fred and Gallaher, Jill and Strobl, Maximilian and Brady-Nicholls, Renee and Brown, Joel and Roberson-Tessi, Mark and Kim, Eunjung and Noble, Robert and Viossat, Yannick and Basanta, David and Anderson, Alexander RA},
	editor = {White, Richard M},
	year = {2023},
	month = {03},
	date = {2023-03-23},
	journal = {eLife},
	pages = {e84263},
	volume = {12},
	doi = {10.7554/eLife.84263},
	url = {https://doi.org/10.7554/eLife.84263},
	note = {Publisher: eLife Sciences Publications, Ltd}
}
