
@article{bukowski2020,
	title = {Mechanisms of Multidrug Resistance in Cancer Chemotherapy},
	author = {Bukowski, Karol and Kciuk, Mateusz and Kontek, Renata},
	year = {2020},
	month = {05},
	date = {2020-05-02},
	journal = {International Journal of Molecular Sciences},
	pages = {3233},
	volume = {21},
	number = {9},
	doi = {10.3390/ijms21093233},
	note = {PMID: 32370233
PMCID: PMC7247559},
	langid = {eng}
}

@article{stanková2019,
	title = {Optimizing Cancer Treatment Using Game Theory},
	author = {{Sta{\v{n}}ková}, {Kate{\v{r}}ina} and Brown, Joel S. and Dalton, William S. and Gatenby, Robert A.},
	year = {2019},
	month = {01},
	date = {2019-01-01},
	journal = {JAMA oncology},
	pages = {96--103},
	volume = {5},
	number = {1},
	doi = {10.1001/jamaoncol.2018.3395},
	url = {https://www.ncbi.nlm.nih.gov/pmc/articles/PMC6947530/},
	note = {PMID: 30098166
PMCID: PMC6947530}
}

@article{zhang2023,
	title = {Adaptive therapy: a tumor therapy strategy based on Darwinian evolution theory},
	author = {Zhang, Lei and Ma, Jianli and Liu, Lei and Li, Guozheng and Li, Hui and Hao, Yi and Zhang, Xin and Ma, Xin and Chen, Yihai and Wu, Jiale and Wang, Xinheng and Yang, Shuai and Xu, Shouping},
	year = {2023},
	month = {12},
	date = {2023-12-01},
	journal = {Critical Reviews in Oncology/Hematology},
	pages = {104192},
	volume = {192},
	doi = {10.1016/j.critrevonc.2023.104192},
	url = {https://www.sciencedirect.com/science/article/pii/S1040842823002809}
}

@article{gatenby2009,
	title = {Adaptive Therapy},
	author = {Gatenby, Robert A. and Silva, Ariosto S. and Gillies, Robert J. and Frieden, B. Roy},
	year = {2009},
	month = {06},
	date = {2009-06-01},
	journal = {Cancer research},
	pages = {4894--4903},
	volume = {69},
	number = {11},
	doi = {10.1158/0008-5472.CAN-08-3658},
	url = {https://www.ncbi.nlm.nih.gov/pmc/articles/PMC3728826/},
	note = {PMID: 19487300
PMCID: PMC3728826}
}

@article{zhang2017,
	title = {Integrating evolutionary dynamics into treatment of metastatic castrate-resistant prostate cancer},
	author = {Zhang, Jingsong and Cunningham, Jessica J. and Brown, Joel S. and Gatenby, Robert A.},
	year = {2017},
	month = {11},
	date = {2017-11-28},
	journal = {Nature Communications},
	pages = {1816},
	volume = {8},
	number = {1},
	doi = {10.1038/s41467-017-01968-5},
	url = {https://www.nature.com/articles/s41467-017-01968-5},
	note = {Publisher: Nature Publishing Group},
	langid = {en}
}

@techreport{h.leemoffittcancercenterandresearchinstitute2024,
	title = {A Pilot Study of Adaptive Abiraterone Therapy for Metastatic Castration Resistant Prostate Cancer},
	author = {H. Lee Moffitt Cancer Center and Research Institute, },
	year = {2024},
	month = {02},
	date = {2024-02-20},
	url = {https://clinicaltrials.gov/study/NCT02415621},
	note = {submitted: April 9, 2015}
}

@article{west2023,
	title = {A survey of open questions in adaptive therapy: Bridging mathematics and clinical translation},
	author = {West, Jeffrey and Adler, Fred and Gallaher, Jill and Strobl, Maximilian and Brady-Nicholls, Renee and Brown, Joel and Roberson-Tessi, Mark and Kim, Eunjung and Noble, Robert and Viossat, Yannick and Basanta, David and Anderson, Alexander RA},
	editor = {White, Richard M},
	year = {2023},
	month = {03},
	date = {2023-03-23},
	journal = {eLife},
	pages = {e84263},
	volume = {12},
	doi = {10.7554/eLife.84263},
	url = {https://doi.org/10.7554/eLife.84263},
	note = {Publisher: eLife Sciences Publications, Ltd}
}

@article{kaelbling1998,
	title = {Planning and acting in partially observable stochastic domains},
	author = {Kaelbling, Leslie Pack and Littman, Michael L. and Cassandra, Anthony R.},
	year = {1998},
	month = {05},
	date = {1998-05-01},
	journal = {Artificial Intelligence},
	pages = {99--134},
	volume = {101},
	number = {1},
	doi = {10.1016/S0004-3702(98)00023-X},
	url = {https://www.sciencedirect.com/science/article/pii/S000437029800023X}
}

@article{åström1969,
	title = {Optimal control of Markov processes with incomplete state-information II. The convexity of the lossfunction},
	author = {{Åström}, K. J},
	year = {1969},
	month = {05},
	date = {1969-05-01},
	journal = {Journal of Mathematical Analysis and Applications},
	pages = {403--406},
	volume = {26},
	number = {2},
	doi = {10.1016/0022-247X(69)90163-2},
	url = {https://www.sciencedirect.com/science/article/pii/0022247X69901632}
}

@article{dacosta2020,
	title = {Active inference on discrete state-spaces: A synthesis},
	author = {Da Costa, Lancelot and Parr, Thomas and Sajid, Noor and Veselic, Sebastijan and Neacsu, Victorita and Friston, Karl},
	year = {2020},
	month = {12},
	date = {2020-12-01},
	journal = {Journal of Mathematical Psychology},
	pages = {102447},
	volume = {99},
	doi = {10.1016/j.jmp.2020.102447},
	url = {https://www.sciencedirect.com/science/article/pii/S0022249620300857}
}

@article{çatal2020,
	title = {Learning Generative State Space Models for Active Inference},
	author = {{Çatal}, Ozan and Wauthier, Samuel and De Boom, Cedric and Verbelen, Tim and Dhoedt, Bart},
	year = {2020},
	month = {11},
	date = {2020-11-16},
	journal = {Frontiers in Computational Neuroscience},
	volume = {14},
	doi = {10.3389/fncom.2020.574372},
	url = {https://www.frontiersin.org/articles/10.3389/fncom.2020.574372},
	note = {Publisher: Frontiers},
	langid = {English}
}

@article{friston2009,
	title = {Reinforcement Learning or Active Inference?},
	author = {Friston, Karl J. and Daunizeau, Jean and Kiebel, Stefan J.},
	year = {2009},
	month = {07},
	date = {2009-07-29},
	journal = {PLoS ONE},
	pages = {e6421},
	volume = {4},
	number = {7},
	doi = {10.1371/journal.pone.0006421},
	url = {https://www.ncbi.nlm.nih.gov/pmc/articles/PMC2713351/},
	note = {PMID: 19641614
PMCID: PMC2713351}
}

@article{heins2022,
	title = {pymdp: A Python library for active inference in discrete state spaces},
	author = {Heins, Conor and Millidge, Beren and Demekas, Daphne and Klein, Brennan and Friston, Karl and Couzin, Iain and Tschantz, Alexander},
	year = {2022},
	month = {05},
	date = {2022-05-04},
	journal = {Journal of Open Source Software},
	pages = {4098},
	volume = {7},
	number = {73},
	doi = {10.21105/joss.04098},
	url = {http://arxiv.org/abs/2201.03904},
	note = {arXiv:2201.03904 [cs, q-bio]},
	langid = {en}
}

@article{heins2022a,
	title = {pymdp: A Python library for active inference indiscrete state spaces},
	author = {Heins, Conor and Millidge, Beren and Demekas, Daphne and Klein, Brennan and Friston, Karl and Couzin, Iain D. and Tschantz, Alexander},
	year = {2022},
	month = {05},
	date = {2022-05-04},
	journal = {Journal of Open Source Software},
	pages = {4098},
	volume = {7},
	number = {73},
	doi = {10.21105/joss.04098},
	url = {https://joss.theoj.org/papers/10.21105/joss.04098},
	langid = {en}
}

@article{smith2022,
	title = {A step-by-step tutorial on active inference and its application to empirical data},
	author = {Smith, Ryan and Friston, Karl J. and Whyte, Christopher J.},
	year = {2022},
	month = {04},
	date = {2022-04},
	journal = {Journal of Mathematical Psychology},
	pages = {102632},
	volume = {107},
	doi = {10.1016/j.jmp.2021.102632},
	url = {https://linkinghub.elsevier.com/retrieve/pii/S0022249621000973},
	langid = {en}
}

@book{towers2024,
	title = {Gymnasium},
	author = {Towers, Mark and Terry, Jordan K and Kwiatkowski, Ariel and Balis, John U. and Cola, Gianluca and Deleu, Tristan and {Goulão}, Manuel and Kallinteris, Andreas and KG, Arjun and Krimmel, Markus and Perez-Vicente, Rodrigo and {Pierré}, Andrea and Schulhoff, Sander and Tai, Jun Jet and Tan, Andrew Jin Shen and Younis, Omar G.},
	year = {2024},
	month = {02},
	date = {2024-02-13},
	publisher = {Zenodo},
	doi = {10.5281/zenodo.10655021},
	url = {https://zenodo.org/records/10655021},
	note = {DOI: 10.5281/zenodo.10655021}
}

@article{hansen2020,
	title = {Modifying Adaptive Therapy to Enhance Competitive Suppression},
	author = {Hansen, Elsa and Read, Andrew F.},
	year = {2020},
	month = {12},
	date = {2020-12},
	journal = {Cancers},
	pages = {3556},
	volume = {12},
	number = {12},
	doi = {10.3390/cancers12123556},
	url = {https://www.mdpi.com/2072-6694/12/12/3556},
	note = {Number: 12
Publisher: Multidisciplinary Digital Publishing Institute},
	langid = {en}
}
